@book{Huybrechts,
    shorthand = {Huy},
    author = {Huybrechts, D.},
    title = {Fourier-{M}ukai Transforms in Algebraic Geometry},
    publisher = {The Clarendon Press, Oxford University Press, Oxford},
    series = {Oxford Mathematical Monographs},
    year = {2006},
}
@book{Weibel,
    shorthand = {Weib},
    author = {Weibel, Charles A.},
    title = {An Introduction to Homological Algebra},
    publisher = {Cambridge University Press, Cambridge},
    series = {Cambridge Studies in Advanced Mathematics},
    volume = {38},
    year = {1994},
}
@book{Hartshorne,
    shorthand = {Har},
    author = {Hartshorne, Robin},
    title = {Algebraic Geometry},
    publisher = {Springer-Verlag, New York-Heidelberg},
    series = {Graduate Texts in Mathematics},
    volume = {No. 52},
    year = {1977},
}
